@inproceedings{mikolov2013distributed,
  title={Distributed representations of words and phrases and their compositionality},
  author={Mikolov, Tomas and Sutskever, Ilya and Chen, Kai and Corrado, Greg S and Dean, Jeff},
  booktitle={Advances in Neural Information Processing Systems},
  pages={3111--3119},
  year={2013}
}

@article{mikolov2013efficient,
  title={Efficient estimation of word representations in vector space},
  author={Mikolov, Tomas and Chen, Kai and Corrado, Greg and Dean, Jeffrey},
  journal={arXiv preprint arXiv:1301.3781},
  year={2013}
}

@inproceedings{CantadorRecSys2011,
  author = {Cantador, Iv\'{a}n and Brusilovsky, Peter and Kuflik, Tsvi},
  title = {2nd Workshop on Information Heterogeneity and Fusion in Recommender Systems},
  booktitle = {Proceedings of the 5th ACM conference on Recommender systems},
  series = {RecSys 2011},
  year = {2011},
  location = {Chicago, IL, USA},
  publisher = {ACM},
  address = {New York, NY, USA},
  keywords = {information heterogeneity, information integration, recommender systems},
} 

@article{bahmani2010fast,
  title={Fast incremental and personalized pagerank},
  author={Bahmani, Bahman and Chowdhury, Abdur and Goel, Ashish},
  journal={Proceedings of the VLDB Endowment},
  volume={4},
  number={3},
  pages={173--184},
  year={2010},
  publisher={VLDB Endowment}
}

@inproceedings{jeh2002simrank,
  title={SimRank: a measure of structural-context similarity},
  author={Jeh, Glen and Widom, Jennifer},
  booktitle={Proceedings of the Eighth ACM SIGKDD International Conference on Knowledge Discovery and Data Mining},
  pages={538--543},
  year={2002}
}


@article{sun2011pathsim,
  title={Pathsim: meta path-based top-k similarity search in heterogeneous information networks},
  author={Sun, Yizhou and Han, Jiawei and Yan, Xifeng and Yu, Philip S and Wu, Tianyi},
  journal={Proceedings of the VLDB Endowment},
  volume={4},
  number={11},
  pages={992--1003},
  year={2011},
  publisher={Citeseer}
}

@article{shi2014hetesim,
  title={Hetesim: A general framework for relevance measure in heterogeneous networks},
  author={Shi, Chuan and Kong, Xiangnan and Huang, Yue and Philip, S Yu and Wu, Bin},
  journal={IEEE Transactions on Knowledge and Data Engineering},
  volume={26},
  number={10},
  pages={2479--2492},
  year={2014},
  publisher={IEEE}
}

@inproceedings{grover2016node2vec,
  title={node2vec: Scalable feature learning for networks},
  author={Grover, Aditya and Leskovec, Jure},
  booktitle={Proceedings of the 22nd ACM SIGKDD International Conference on Knowledge Discovery and Data Mining},
  pages={855--864},
  year={2016}
}

@inproceedings{dong2017metapath2vec,
  title={Metapath2vec: Scalable representation learning for heterogeneous networks},
  author={Dong, Yuxiao and Chawla, Nitesh V and Swami, Ananthram},
  booktitle={Proceedings of the 23rd ACM SIGKDD International Conference on Knowledge Discovery and Data Mining},
  pages={135--144},
  year={2017}
}

@inproceedings{rendle2010factorization,
  title={Factorization machines},
  author={Rendle, Steffen},
  booktitle={2010 IEEE International Conference on Data Mining},
  pages={995--1000},
  year={2010},
  organization={IEEE}
}

@inproceedings{Barkan2016,
  author = {Barkan, Oren and Koenigstein, Noam},
  booktitle = {IEEE 26th International Workshop on Machine Learning for Signal Processing},
  pages = {1--6},
  publisher = {IEEE},
  title = {Item2vec: Neural item embedding for collaborative filtering},
  year = {2016}
}

@inproceedings{palumbo2017entity2rec,
  title={Entity2rec: Learning user-item relatedness from knowledge graphs for top-n item recommendation},
  author={Palumbo, Enrico and Rizzo, Giuseppe and Troncy, Rapha{\"e}l},
  booktitle={Proceedings of the Eleventh ACM Conference on Recommender Systems},
  pages={32--36},
  year={2017},
  organization={ACM}
}

@article{rendle2012bpr,
  title={BPR: Bayesian personalized ranking from implicit feedback},
  author={Rendle, Steffen and Freudenthaler, Christoph and Gantner, Zeno and Schmidt-Thieme, Lars},
  journal={arXiv preprint arXiv:1205.2618},
  year={2012}
}

@article{wu2019comprehensive,
  title={A comprehensive survey on graph neural networks},
  author={Wu, Zonghan and Pan, Shirui and Chen, Fengwen and Long, Guodong and Zhang, Chengqi and Yu, Philip S},
  journal={arXiv preprint arXiv:1901.00596},
  year={2019}
}

@article{shi2018heterogeneous,
  title={Heterogeneous information network embedding for recommendation},
  author={Shi, Chuan and Hu, Binbin and Zhao, Wayne Xin and Philip, S Yu},
  journal={IEEE Transactions on Knowledge and Data Engineering},
  volume={31},
  number={2},
  pages={357--370},
  year={2018},
  publisher={IEEE}
}

@inproceedings{tang2015line,
  title={Line: Large-scale information network embedding},
  author={Tang, Jian and Qu, Meng and Wang, Mingzhe and Zhang, Ming and Yan, Jun and Mei, Qiaozhu},
  booktitle={Proceedings of the 24th International Conference on World Wide Web},
  pages={1067--1077},
  year={2015}
}

@inproceedings{hamilton2017inductive,
  title={Inductive representation learning on large graphs},
  author={Hamilton, Will and Ying, Zhitao and Leskovec, Jure},
  booktitle={Advances in Neural Information Processing Systems},
  pages={1024--1034},
  year={2017}
}


@inproceedings{bennett2007netflix,
  title={The netflix prize},
  author={Bennett, James and Lanning, Stan},
  booktitle={Proceedings of KDD Cup and Workshop},
  pages={35},
  year={2007}
}

@article{lu2015recommender,
  title="Recommender system application developments: a survey",
  author="Lu, Jie and Wu, Dianshuang and Mao, Mingsong and Wang, Wei and Zhang, Guangquan",
  journal="Decision Support Systems",
  volume="74",
  pages="12--32",
  year="2015",
  publisher="Elsevier"
}



-------------------------------------------------------------------------------




@inproceedings{b7,
  title={Graphscope: parameter-free mining of large time-evolving graphs},
  author={Sun, Jimeng and Faloutsos, Christos and Faloutsos, Christos and Papadimitriou, Spiros and Yu, Philip S},
  booktitle={Proceedings of the 13th ACM SIGKDD International Conference on Knowledge Discovery and Data Mining},
  pages={687--696},
  year={2007},
  organization={ACM}
}


@inproceedings{blanco2015fast,
  title={Fast and space-efficient entity linking for queries},
  author={Blanco, Roi and Ottaviano, Giuseppe and Meij, Edgar},
  booktitle={Proceedings of the 8th ACM International Conference on Web Search and Data Mining},
  pages={179--188},
  year={2015},
  organization={ACM}
}

@article{Sahebi2011,
  author = {Sahebi, Shaghayegh and Cohen, William W},
  journal = {Proceedings of the 11th ACM Conference on Recommender Systems Workshop on Recommender Systems and the Social Web},
  pages = {40--44},
  title = {Community-based recommendations: a solution to the cold start problem},
  year = {2011}
}


@inproceedings{Macedo2015,
  address = {New York, USA},
  author = {Macedo, Augusto Q and Marinho, Leandro B. and Santos, Rodrygo L.T.},
  booktitle = {The 9th ACM Conference on Recommender Systems},
  pages = {123--130},
  publisher = {ACM Press},
  title = {Context-aware event recommendation in event-based social networks},
  year = {2015}
}

@article{Ranshous2015,
  author = {Ranshous, Stephen and Shen, Shitian and Koutra, Danai and Harenberg, Steve and Faloutsos, Christos and Samatova, Nagiza F.},
  journal = {Wiley Interdisciplinary Reviews: Computational Statistics},
  number = {3},
  pages = {223--247},
  title = {Anomaly detection in dynamic networks: a survey},
  volume = {7},
  year = {2015}
}

@article{grunwald2004tutorial,
  title={A tutorial introduction to the minimum description length principle},
  author={Grunwald, Peter},
  journal={arXiv preprint math/0406077},
  year={2004}
}

@article{rissanen1983universal,
  title={A universal prior for integers and estimation by minimum description length},
  author={Rissanen, Jorma},
  journal={The Annals of Statistics},
  pages={416--431},
  year={1983},
  publisher={JSTOR}
}

@inproceedings{wang2011review,
  title={Review graph based online store review spammer detection},
  author={Wang, Guan and Xie, Sihong and Liu, Bing and Philip, S Yu},
  booktitle={2011 IEEE 11th International Conference on Data Mining},
  pages={1242--1247},
  year={2011},
  organization={IEEE}
}

@article{abernethy2010graph,
  title={Graph regularization methods for web spam detection},
  author={Abernethy, Jacob and Chapelle, Olivier and Castillo, Carlos},
  journal={Machine Learning},
  volume={81},
  number={2},
  pages={207--225},
  year={2010},
  publisher={Springer}
}

@inproceedings{Chen2010,
  address = {New York, USA},
  author = {Chen, Jilin and Nairn, Rowan and Nelson, Les and Bernstein, Michael and Chi, Ed},
  booktitle = {The 28th International Conference on Human Factors in Computing Systems},
  pages = {1185},
  publisher = {ACM Press},
  title = {Short and tweet: experiments on recommending content from information streams},
  year = {2010}
}


@inproceedings{Agarwal2014,
  address = {New York, USA},
  author = {Agarwal, Deepak and Singh, Ajit and Zhang, Liang and Chen, Bee-Chung and Gupta, Rupesh and Hartman, Joshua and He, Qi and Iyer, Anand and Kolar, Sumanth and Ma, Yiming and Shivaswamy, Pannagadatta},
  booktitle = {The 20th ACM SIGKDD International Conference on Knowledge Discovery and Data Mining},
  pages = {1603--1612},
  publisher = {ACM Press},
  title = {Activity ranking in LinkedIn feed},
  year = {2014}
}

@inproceedings{meng2015discovering,
  title={Discovering meta-paths in large heterogeneous information networks},
  author={Meng, Changping and Cheng, Reynold and Maniu, Silviu and Senellart, Pierre and Zhang, Wangda},
  booktitle={Proceedings of the 24th International Conference on World Wide Web},
  pages={754--764},
  year={2015},
}

@article{zhang2018cross,
  title={A Cross-domain recommender system with kernel-induced knowledge transfer for overlapping entities},
  author={Zhang, Qian and Lu, Jie and Wu, Dianshuang and Zhang, Guangquan},
  journal={IEEE Transactions on Neural Networks and Learning Systems},
  year={2018},
  publisher={IEEE}
}

@article{mao2016multirelational,
  title={Multirelational social recommendations via multigraph ranking},
  author={Mao, Mingsong and Lu, Jie and Zhang, Guangquan and Zhang, Jinlong},
  journal={IEEE Transactions on Cybernetics},
  volume={47},
  number={12},
  pages={4049--4061},
  year={2016},
  publisher={IEEE}
}

@inproceedings{zhao2017meta,
  title={Meta-graph based recommendation fusion over heterogeneous information networks},
  author={Zhao, Huan and Yao, Quanming and Li, Jianda and Song, Yangqiu and Lee, Dik Lun},
  booktitle={Proceedings of the 23rd ACM SIGKDD International Conference on Knowledge Discovery and Data Mining},
  pages={635--644},
  year={2017},
  organization={ACM}
}



@inproceedings{hu2018leveraging,
  title={Leveraging meta-path based context for top-n recommendation with a neural co-attention model},
  author={Hu, Binbin and Shi, Chuan and Zhao, Wayne Xin and Yu, Philip S},
  booktitle={Proceedings of the 24th ACM SIGKDD International Conference on Knowledge Discovery \& Data Mining},
  pages={1531--1540},
  year={2018},
  organization={ACM}
}

@article{hamilton2017representation,
  title={Representation learning on graphs: Methods and applications},
  author={Hamilton, William L and Ying, Rex and Leskovec, Jure},
  journal={arXiv preprint arXiv:1709.05584},
  year={2017}
}

@article{wang2016member,
  title={Member contribution-based group recommender system},
  author={Wang, Wei and Zhang, Guangquan and Lu, Jie},
  journal={Decision Support Systems},
  volume={87},
  pages={80--93},
  year={2016},
  publisher={Elsevier}
}

@article{wu2015fuzzy,
  title={A fuzzy tree matching-based personalized e-learning recommender system},
  author={Wu, Dianshuang and Lu, Jie and Zhang, Guangquan},
  journal={IEEE Transactions on Fuzzy Systems},
  volume={23},
  number={6},
  pages={2412--2426},
  year={2015},
  publisher={IEEE}
}
